@article{BusinessBuyingBehavior,
    author    = "Frederick E. Webster JR. & Yoram Wind",
    title     = "A General Model for Understanding Organizational Buying Behavior",
    journal   = "Journal of Marketing",
    year      = "1972",
    volume    = "36",
    pages     = "12-19",
    month     = "April"
},

@article{CompanyClusters,
    author    = "Michael E. Porter",
    title     = "Clusters and the New Economics of Competition",
    journal   = "Harvard Business Review",
    year      = "1998",
    pages     = "77-90",
    month     = "November - December"
},

@article{StatisticalGrouping,
    author    = "Hwei-Ju Chen & R. Gnanadesikan & J. R. Kettenring",
    title     = "Statistical Methods for Grouping Corporations",
    journal   = "The Indian Journal of Statistics, Series B",
    year      = "1974",
    pages     = "1-28",
    month     = "February"
},

@article{EconomicClusterAnalysis,
    author    = "Edwin J. Elton & Martin J. Gruber",
    title     = "Homogeneous Groups and the Testing of Economic Hypotheses",
    journal   = "Journal of Financial and Quantitative Analysis",
    volume    = "4",
    year      = "1970",
    pages     = "581-602",
    month     = "January"
},

@article{fuzzyClustering,
    author    = "James C. Bezdek",
    title     = "FCM: The Fuzzy c-Means Clustering Algorithm",
    journal   = "Computer & Geosciences",
    volume    = "10",
    pages     = "191-203"
    year      = "1984"
},

@unpublished{n2o,
    author    = "Philipp Berger & Patrick Hennig",
    title     = "Noise-To-Opportunity Conversion for Social Media Posts"
}

@Book{jain+dubes,
    author    = "Anil K. {Jain} and Richard C. {Dubes}",
    title     = "Algorithms for Clustering Data",
    publisher = "Prentice-Hall",
    year      = 1988,
    address   = "Englewood Cliffs, New Yersey",
    edition   = "1"
}
